<record><leader>00000cas a22000007a 4500</leader><controlfield tag="001">11396972</controlfield><controlfield tag="008">841117d19511960hiuwr ne      0    0eng d</controlfield><datafield ind1=" " ind2=" " tag="010"><subfield code="a">sn 84045313 </subfield></datafield><datafield ind1=" " ind2=" " tag="040"><subfield code="a">HUH</subfield><subfield code="b">eng</subfield><subfield code="c">HUH</subfield><subfield code="d">HWN</subfield><subfield code="d">OCLCQ</subfield><subfield code="d">OCLCF</subfield><subfield code="d">OCLCO</subfield></datafield><datafield ind1=" " ind2=" " tag="042"><subfield code="a">msc</subfield></datafield><datafield ind1=" " ind2=" " tag="043"><subfield code="a">n-us-hi</subfield></datafield><datafield ind1=" " ind2=" " tag="090"><subfield code="a">AN2</subfield><subfield code="b">.W556</subfield></datafield><datafield ind1="0" ind2="0" tag="245"><subfield code="a">Windward Oahu reporter.</subfield></datafield><datafield ind1=" " ind2=" " tag="260"><subfield code="a">Windward Oahu, Hawaii [Kailua] :</subfield><subfield code="b">M. Sexton,</subfield><subfield code="c">1951-1960.</subfield></datafield><datafield ind1=" " ind2=" " tag="300"><subfield code="a">10 v. :</subfield><subfield code="b">ill. ;</subfield><subfield code="c">29-45 cm.</subfield></datafield><datafield ind1=" " ind2=" " tag="310"><subfield code="a">Weekly</subfield></datafield><datafield ind1="0" ind2=" " tag="362"><subfield code="a">Vol. 1, no. 3 (Mar. 1, 1951)-v. 10, no. 4 (Apr. 13, 1960).</subfield></datafield><datafield ind1=" " ind2="0" tag="651"><subfield code="a">Hawaii</subfield><subfield code="v">Newspapers.</subfield></datafield><datafield ind1=" " ind2="7" tag="655"><subfield code="a">Newspapers.</subfield><subfield code="2">fast</subfield><subfield code="0">(OCoLC)fst01423814</subfield></datafield><datafield ind1=" " ind2="7" tag="651"><subfield code="a">Hawaii.</subfield><subfield code="2">fast</subfield><subfield code="0">(OCoLC)fst01208724</subfield></datafield><datafield ind1=" " ind2=" " tag="752"><subfield code="a">United States</subfield><subfield code="b">Hawaii</subfield><subfield code="c">Honolulu</subfield><subfield code="d">Kailua.</subfield></datafield><datafield ind1="0" ind2="0" tag="780"><subfield code="t">Windward reporter</subfield><subfield code="w">(DLC)sn 84045318</subfield><subfield code="w">(OCoLC)11396968</subfield></datafield></record>